@article{vaswani2017attention,
  title={Attention is all you need},
  author={Vaswani, Ashish and Shazeer, Noam and Parmar, Niki and Uszkoreit, Jakob and Jones, Llion and Gomez, Aidan N and Kaiser, {\L}ukasz and Polosukhin, Illia},
  journal={Advances in neural information processing systems},
  volume={30},
  year={2017}
}

@article{ying2021transformers,
  title={Do transformers really perform badly for graph representation?},
  author={Ying, Chengxuan and Cai, Tianle and Luo, Shengjie and Zheng, Shuxin and Ke, Guolin and He, Di and Shen, Yanming and Liu, Tie-Yan},
  journal={Advances in Neural Information Processing Systems},
  volume={34},
  pages={28877--28888},
  year={2021}
}'

@article{kim2022pure,
  title={Pure transformers are powerful graph learners},
  author={Kim, Jinwoo and Nguyen, Dat and Min, Seonwoo and Cho, Sungjun and Lee, Moontae and Lee, Honglak and Hong, Seunghoon},
  journal={Advances in Neural Information Processing Systems},
  volume={35},
  pages={14582--14595},
  year={2022}
}

@inproceedings{tang2008arnetminer,
  title={Arnetminer: extraction and mining of academic social networks},
  author={Tang, Jie and Zhang, Jing and Yao, Limin and Li, Juanzi and Zhang, Li and Su, Zhong},
  booktitle={Proceedings of the 14th ACM SIGKDD international conference on Knowledge discovery and data mining},
  pages={990--998},
  year={2008}
}

@article{white2019publications,
  title={Publications Output: US Trends and International Comparisons. Science \& Engineering Indicators 2020. NSB-2020-6.},
  author={White, Karen},
  journal={National Science Foundation},
  year={2019},
  publisher={ERIC}
}

@article{evans2008electronic,
  title={Electronic publication and the narrowing of science and scholarship},
  author={Evans, James A},
  journal={science},
  volume={321},
  number={5887},
  pages={395--399},
  year={2008},
  publisher={American Association for the Advancement of Science}
}

@article{small2006tracking,
  title={Tracking and predicting growth areas in science},
  author={Small, Henry},
  journal={Scientometrics},
  volume={68},
  number={3},
  pages={595--610},
  year={2006},
  publisher={Akad{\'e}miai Kiad{\'o}, co-published with Springer Science+ Business Media BV~â€¦}
}

@inproceedings{zhu2002using,
  title={Using markov models for web site link prediction},
  author={Zhu, Jianhan and Hong, Jun and Hughes, John G},
  booktitle={Proceedings of the thirteenth ACM conference on Hypertext and hypermedia},
  pages={169--170},
  year={2002}
}

@article{smojver2021exploring,
  title={Exploring knowledge flow within a technology domain by conducting a dynamic analysis of a patent co-citation network},
  author={Smojver, Vladimir and {\v{S}}torga, Mario and Zovak, Goran},
  journal={Journal of Knowledge Management},
  volume={25},
  number={2},
  pages={433--453},
  year={2021},
  publisher={Emerald Publishing Limited}
}

@article{small1973co,
  title={Co-citation in the scientific literature: A new measure of the relationship between two documents},
  author={Small, Henry},
  journal={Journal of the American Society for information Science},
  volume={24},
  number={4},
  pages={265--269},
  year={1973},
  publisher={Wiley Online Library}
}

@article{chen2010structure,
  title={The structure and dynamics of cocitation clusters: A multiple-perspective cocitation analysis},
  author={Chen, Chaomei and Ibekwe-SanJuan, Fidelia and Hou, Jianhua},
  journal={Journal of the American Society for information Science and Technology},
  volume={61},
  number={7},
  pages={1386--1409},
  year={2010},
  publisher={Wiley Online Library}
}

@article{Boyack2010CocitationAB,
  title={Co-citation analysis, bibliographic coupling, and direct citation: Which citation approach represents the research front most accurately?},
  author={Kevin W. Boyack and Richard Klavans},
  journal={J. Assoc. Inf. Sci. Technol.},
  year={2010},
  volume={61},
  pages={2389-2404}
}

@article{devlin2018bert,
  title={Bert: Pre-training of deep bidirectional transformers for language understanding},
  author={Devlin, Jacob and Chang, Ming-Wei and Lee, Kenton and Toutanova, Kristina},
  journal={arXiv preprint arXiv:1810.04805},
  year={2018}
}

@inproceedings{Page1999ThePC,
  title={The PageRank Citation Ranking : Bringing Order to the Web},
  author={Lawrence Page and Sergey Brin and Rajeev Motwani and Terry Winograd},
  booktitle={The Web Conference},
  year={1999}
}

@inproceedings{ley2002dblp,
  title={The DBLP computer science bibliography: Evolution, research issues, perspectives},
  author={Ley, Michael},
  booktitle={String Processing and Information Retrieval: 9th International Symposium, SPIRE 2002 Lisbon, Portugal, September 11--13, 2002 Proceedings 9},
  pages={1--10},
  year={2002},
  organization={Springer}
}

@article{hamilton2017inductive,
  title={Inductive representation learning on large graphs},
  author={Hamilton, Will and Ying, Zhitao and Leskovec, Jure},
  journal={Advances in neural information processing systems},
  volume={30},
  year={2017}
}

@article{yang2021graphformers,
  title={GraphFormers: GNN-nested transformers for representation learning on textual graph},
  author={Yang, Junhan and Liu, Zheng and Xiao, Shitao and Li, Chaozhuo and Lian, Defu and Agrawal, Sanjay and Singh, Amit and Sun, Guangzhong and Xie, Xing},
  journal={Advances in Neural Information Processing Systems},
  volume={34},
  pages={28798--28810},
  year={2021}
}

@article{wolf2019huggingface,
  title={Huggingface's transformers: State-of-the-art natural language processing},
  author={Wolf, Thomas and Debut, Lysandre and Sanh, Victor and Chaumond, Julien and Delangue, Clement and Moi, Anthony and Cistac, Pierric and Rault, Tim and Louf, R{\'e}mi and Funtowicz, Morgan and others},
  journal={arXiv preprint arXiv:1910.03771},
  year={2019}
}

@article{fey2019fast,
  title={Fast graph representation learning with PyTorch Geometric},
  author={Fey, Matthias and Lenssen, Jan Eric},
  journal={arXiv preprint arXiv:1903.02428},
  year={2019}
}

@article{reimers2019sentence,
  title={Sentence-bert: Sentence embeddings using siamese bert-networks},
  author={Reimers, Nils and Gurevych, Iryna},
  journal={arXiv preprint arXiv:1908.10084},
  year={2019}
}

@article{peng2022bi,
  title={Bi-Link: Bridging Inductive Link Predictions from Text via Contrastive Learning of Transformers and Prompts},
  author={Peng, Bohua and Liang, Shihao and Islam, Mobarakol},
  journal={arXiv preprint arXiv:2210.14463},
  year={2022}
}

@article{Wang2022SimKGCSC,
  title={SimKGC: Simple Contrastive Knowledge Graph Completion with Pre-trained Language Models},
  author={Liang Wang and Wei Zhao and Zhuoyu Wei and Jingming Liu},
  journal={ArXiv},
  year={2022},
  volume={abs/2203.02167}
}

@inproceedings{Lv2022DoPM,
  title={Do Pre-trained Models Benefit Knowledge Graph Completion? A Reliable Evaluation and a Reasonable Approach},
  author={Xin Lv and Yankai Lin and Yixin Cao and Lei Hou and Juanzi Li and Zhiyuan Liu and Peng Li and Jie Zhou},
  booktitle={Findings},
  year={2022}
}